<?xml version="1.0" encoding="UTF-8"?><record xmlns="http://www.loc.gov/MARC21/slim" xmlns:cinclude="http://apache.org/cocoon/include/1.0" xmlns:zs="http://www.loc.gov/zing/srw/">
  <leader>00541nz  a2200145n  4500</leader>
  <controlfield tag="001">no2003056136</controlfield>
  <controlfield tag="003">DLC</controlfield>
  <controlfield tag="005">20030607071056.0</controlfield>
  <controlfield tag="008">030606n| acannaabn          |a ana     c</controlfield>
  <datafield tag="010" ind1=" " ind2=" ">
    <subfield code="a">no2003056136</subfield>
  </datafield>
  <datafield tag="035" ind1=" " ind2=" ">
    <subfield code="a">(OCoLC)oca06068727</subfield>
  </datafield>
  <datafield tag="040" ind1=" " ind2=" ">
    <subfield code="a">O</subfield>
    <subfield code="b">eng</subfield>
    <subfield code="c">O</subfield>
  </datafield>
  <datafield tag="110" ind1="2" ind2=" ">
    <subfield code="a">Wesley Services Organization</subfield>
  </datafield>
  <datafield tag="410" ind1="2" ind2=" ">
    <subfield code="a">WSO</subfield>
  </datafield>
  <datafield tag="670" ind1=" " ind2=" ">
    <subfield code="a">The history of Wesley Hall and its transition into Wesley Services Organization, c2002:</subfield>
    <subfield code="b">p. 9-10 (WSO; Wesley Services Organization of Cincinnati, Ohio; in 1998, Wesley Hall became a part of Wesley Services Organization)</subfield>
  </datafield>
</record>